@article{nunn2011slave,
  title={The Slave Trade and the Origins of Mistrust in Africa},
  author={Nunn, Nathan and Wantchekon, Leonard},
  journal={American Economic Review},
  volume={101},
  number={7},
  pages={3221--3252},
  year={2011}
}